<record><leader>00000cas a22000007a 4500</leader><controlfield tag="001">12886092</controlfield><controlfield tag="008">851209d1891190uinuwr ne      0    0eng d</controlfield><datafield ind1=" " ind2=" " tag="010"><subfield code="a">sn 85048217 </subfield></datafield><datafield ind1=" " ind2=" " tag="040"><subfield code="a">NPI</subfield><subfield code="b">eng</subfield><subfield code="c">NPI</subfield><subfield code="d">ONP</subfield><subfield code="d">OCL</subfield><subfield code="d">OCLCQ</subfield></datafield><datafield ind1=" " ind2=" " tag="042"><subfield code="a">msc</subfield></datafield><datafield ind1="0" ind2="4" tag="245"><subfield code="a">The College Corner chronicle.</subfield></datafield><datafield ind1=" " ind2=" " tag="260"><subfield code="a">West College Corner, Ind. :</subfield><subfield code="b">[E.E. &amp; Elbert Moore]</subfield></datafield><datafield ind1=" " ind2=" " tag="300"><subfield code="a">v. :</subfield><subfield code="b">ill. (chiefly advertisements) ;</subfield><subfield code="c">57 cm.</subfield></datafield><datafield ind1=" " ind2=" " tag="310"><subfield code="a">Weekly</subfield></datafield><datafield ind1="1" ind2=" " tag="362"><subfield code="a">Began in 1891.</subfield><subfield code="z">Cf. Ayer, N.W. Newspaper annual.</subfield></datafield><datafield ind1="1" ind2=" " tag="362"><subfield code="a">Ceased by 1907.</subfield></datafield><datafield ind1=" " ind2=" " tag="500"><subfield code="a">Masthead gives place of publication as West College Corner, Ind. and post office address as College Corner, Ohio. Ayer's lists the title under Ohio.</subfield></datafield><datafield ind1=" " ind2=" " tag="500"><subfield code="a">Publisher's name from Ayer's.</subfield></datafield><datafield ind1=" " ind2=" " tag="500"><subfield code="a">"Republican" Cf. Ayer.</subfield></datafield><datafield ind1=" " ind2=" " tag="588"><subfield code="a">Description based on: Vol. 7, no. 3 (July 29, 1897).</subfield></datafield><datafield ind1=" " ind2=" " tag="752"><subfield code="a">United States</subfield><subfield code="b">Indiana</subfield><subfield code="c">Union</subfield><subfield code="d">West College Corner.</subfield></datafield><datafield ind1=" " ind2=" " tag="752"><subfield code="a">United States</subfield><subfield code="b">Ohio</subfield><subfield code="c">Butler</subfield><subfield code="d">College Corner.</subfield></datafield><datafield ind1="1" ind2=" " tag="029"><subfield code="a">AU@</subfield><subfield code="b">000022417497</subfield></datafield></record>